<record><leader>00000cas a2200000 a 4500</leader><controlfield tag="001">10312161</controlfield><controlfield tag="008">840118d18751876iduwr ne      0    0eng c</controlfield><datafield ind1=" " ind2=" " tag="010"><subfield code="a">sn 84022134 </subfield></datafield><datafield ind1=" " ind2=" " tag="040"><subfield code="a">NPX</subfield><subfield code="b">eng</subfield><subfield code="c">NPX</subfield><subfield code="d">NPV</subfield><subfield code="d">UNP</subfield><subfield code="d">DLC</subfield><subfield code="d">NVB</subfield><subfield code="d">ANU</subfield><subfield code="d">CNK</subfield><subfield code="d">OCLCQ</subfield><subfield code="d">CUI</subfield><subfield code="d">OCLCQ</subfield><subfield code="d">OCLCF</subfield><subfield code="d">DLC</subfield></datafield><datafield ind1=" " ind2=" " tag="042"><subfield code="a">pcc</subfield></datafield><datafield ind1=" " ind2=" " tag="043"><subfield code="a">n-us-id</subfield></datafield><datafield ind1=" " ind2="4" tag="050"><subfield code="a">AN2.I2</subfield><subfield code="b">I32</subfield></datafield><datafield ind1=" " ind2="4" tag="050"><subfield code="a">AN</subfield></datafield><datafield ind1="0" ind2="0" tag="245"><subfield code="a">Idaho weekly avalanche.</subfield></datafield><datafield ind1=" " ind2=" " tag="260"><subfield code="a">Silver City, Idaho Territory [Idaho] :</subfield><subfield code="b">W.J. Hill</subfield></datafield><datafield ind1=" " ind2=" " tag="300"><subfield code="a">v. ;</subfield><subfield code="c">53 cm.</subfield></datafield><datafield ind1=" " ind2=" " tag="310"><subfield code="a">Weekly</subfield></datafield><datafield ind1="0" ind2=" " tag="362"><subfield code="a">Vol. 11, no. 3 (Sept. 11, 1875)-v. 11, no. 52 (Aug. 19, 1876).</subfield></datafield><datafield ind1=" " ind2="0" tag="651"><subfield code="a">Silver City (Idaho)</subfield><subfield code="v">Newspapers.</subfield></datafield><datafield ind1=" " ind2="0" tag="651"><subfield code="a">Owyhee County (Idaho)</subfield><subfield code="v">Newspapers.</subfield></datafield><datafield ind1=" " ind2="7" tag="651"><subfield code="a">Idaho</subfield><subfield code="z">Owyhee County.</subfield><subfield code="2">fast</subfield><subfield code="0">(OCoLC)fst01216929</subfield></datafield><datafield ind1=" " ind2="7" tag="651"><subfield code="a">Idaho</subfield><subfield code="z">Silver City.</subfield><subfield code="2">fast</subfield><subfield code="0">(OCoLC)fst01222852</subfield></datafield><datafield ind1=" " ind2="7" tag="655"><subfield code="a">Newspapers.</subfield><subfield code="2">fast</subfield><subfield code="0">(OCoLC)fst01423814</subfield></datafield><datafield ind1=" " ind2=" " tag="752"><subfield code="a">United States</subfield><subfield code="b">Idaho</subfield><subfield code="c">Owyhee</subfield><subfield code="d">Silver City.</subfield></datafield><datafield ind1="0" ind2="8" tag="776"><subfield code="i">Online version:</subfield><subfield code="t">Idaho weekly avalanche</subfield><subfield code="w">(OCoLC)631380142</subfield></datafield><datafield ind1="0" ind2="0" tag="780"><subfield code="t">Owyhee weekly avalanche</subfield><subfield code="w">(DLC)sn 84024052</subfield><subfield code="w">(OCoLC)10454152</subfield></datafield><datafield ind1="0" ind2="0" tag="785"><subfield code="t">Idaho avalanche</subfield><subfield code="x">2575-2715</subfield><subfield code="w">(DLC)sn 82014691</subfield><subfield code="w">(OCoLC)8807583</subfield></datafield></record>